<?xml version="1.0" encoding="UTF-8"?><collection xmlns="http://www.loc.gov/MARC21/slim"><record><leader>00413nam--2200145-i-4500</leader><controlfield tag="001">000005785</controlfield><controlfield tag="002">20161230</controlfield><controlfield tag="005">20170114215646</controlfield><controlfield tag="008">060222s1000------------r-----000-0-eng-d</controlfield><datafield ind1=" " ind2=" " tag="245"><subfield code="a">Bezugsquellenverzeichnie der atomwirtschaff buyers guide- nuclear industry in Germany</subfield></datafield><datafield ind1=" " ind2=" " tag="260"><subfield code="a">Dusseldorf</subfield><subfield code="b">Econ-Verlag Gmbh</subfield><subfield code="c">1961</subfield></datafield><datafield ind1=" " ind2=" " tag="300"><subfield code="a">127 p</subfield></datafield><datafield ind1=" " ind2=" " tag="700"><subfield code="a">Muller, W. D</subfield></datafield><datafield ind1=" " ind2=" " tag="852"><subfield code="a">17126</subfield></datafield><datafield ind1=" " ind2=" " tag="CAT"><subfield code="a">SYS</subfield><subfield code="c">20170114</subfield><subfield code="h">215646</subfield></datafield></record></collection>